<?xml version="1.0" encoding="UTF-8"?><collection xmlns="http://www.loc.gov/MARC21/slim"><record><leader>00518nam--2200181-i-4500</leader><controlfield tag="001">000008153</controlfield><controlfield tag="002">20161230</controlfield><controlfield tag="005">20161230201027</controlfield><controlfield tag="008">060222s1000------------r-----000-0-eng-d</controlfield><datafield ind1=" " ind2=" " tag="040"><subfield code="a">IFIN-HH</subfield></datafield><datafield ind1=" " ind2=" " tag="080"><subfield code="a">53</subfield></datafield><datafield ind1="1" ind2=" " tag="100"><subfield code="a">Maclachlan, James H</subfield></datafield><datafield ind1="1" ind2="0" tag="245"><subfield code="a">Matter and energy. the foundations of modern physics</subfield><subfield code="c">James h. machlan, k.g. mcneill, j.m. bell</subfield></datafield><datafield ind1=" " ind2=" " tag="260"><subfield code="a">London</subfield><subfield code="b">George G.Harrap And Co.Ltd</subfield><subfield code="c">1964</subfield></datafield><datafield ind1=" " ind2=" " tag="300"><subfield code="a">VII + 408 P</subfield></datafield><datafield ind1="1" ind2=" " tag="700"><subfield code="a">Bell, John M</subfield></datafield><datafield ind1=" " ind2=" " tag="852"><subfield code="a">27429</subfield><subfield code="c">53</subfield></datafield><datafield ind1=" " ind2=" " tag="CAT"><subfield code="a">Sys</subfield><subfield code="c">20150219</subfield><subfield code="h">094607</subfield></datafield></record></collection>